@Book{schumpeter1942,
  Title                    = {Capitalism, Socialism and Democracy},
  Author                   = {Schumpeter, Joseph A.},
  Publisher                = {Harper \& Brothers},
  Year                     = {1942},
  Address                  = {New York}
}

@article{solow1957,
  title={Technical Change and the Aggregate Production Function},
  author={Solow, Robert M.},
  journal={The Review of Economics and Statistics},
  volume={39},
  number={3},
  pages={312-320},
  year={1957},
  publisher={MIT Press}
}

@book{north1973,
  title={The Rise of the Western World: A New Economic History},
  author={North, Douglass C. and Thomas, Robert Paul},
  year={1973},
  publisher={Cambridge University Press}
}

@article{north1990,
  title={Institutions, Institutional Change and Economic Performance},
  author={North, Douglass C.},
  journal={Cambridge: Cambridge University Press},
  year={1990}
}

@article{acemoglu2005,
  title={Institutions as a Fundamental Cause of Long-Run Growth},
  author={Acemoglu, Daron and Johnson, Simon and Robinson, James A.},
  journal={Handbook of Economic Growth},
  volume={1A},
  pages={385--472},
  year={2005},
  publisher={Elsevier}
}

@article{acemoglu2001,
  title={The Colonial Origins of Comparative Development: An Empirical Investigation},
  author={Acemoglu, Daron and Johnson, Simon and Robinson, James A.},
  journal={American Economic Review},
  volume={91},
  number={5},
  pages={1369--1401},
  year={2001},
  publisher={American Economic Association}
}

@article{rodrik2004,
  title={Institutions Rule: The Primacy of Institutions over Geography and Integration in Economic Development},
  author={Rodrik, Dani and Subramanian, Arvind and Trebbi, Francesco},
  journal={Journal of Economic Growth},
  volume={9},
  number={2},
  pages={131--165},
  year={2004},
  publisher={Springer}
}

@article{aghion2007,
  title={Democracy, Technology, and Growth},
  author={Aghion, Philippe and Alesina, Alberto and Trebbi, Francesco},
  journal={NBER Working Paper No. 13180},
  year={2007},
  publisher={National Bureau of Economic Research}
}

@article{nuvolari2017,
  title={The Geography of Innovation in Italy, 1861-1913: Evidence from Patent Data},
  author={Nuvolari, Alessandro and Vasta, Michelangelo},
  journal={European Review of Economic History},
  volume={19},
  number={2},
  pages={326--356},
  year={2017},
  publisher={Oxford University Press}
}

@article{missiaia2016,
  title={Where Do We Go from Here? Market Access and Regional Development in Italy (1871-1911)},
  author={Missiaia, Anna},
  journal={European Review of Economic History},
  volume={20},
  number={2},
  pages={215--241},
  year={2016},
  publisher={Oxford University Press}
}

@article{griliches1990,
  title={Patent Statistics as Economic Indicators: A Survey},
  author={Griliches, Zvi},
  journal={Journal of Economic Literature},
  volume={28},
  number={4},
  pages={1661--1707},
  year={1990},
  publisher={American Economic Association}
}

@article{nagaoka2010,
  title={Patent Statistics as Innovation Indicators},
  author={Nagaoka, Sadao and Motohashi, Kazuyuki and Goto, Akira},
  journal={Handbook of the Economics of Innovation},
  volume={2},
  pages={1083--1127},
  year={2010},
  publisher={Elsevier}
}

@article{moser2005,
  title={How Do Patent Laws Influence Innovation? Evidence from Nineteenth-Century World's Fairs},
  author={Moser, Petra},
  journal={American Economic Review},
  volume={95},
  number={4},
  pages={1214--1236},
  year={2005},
  publisher={American Economic Association}
}

@Article{nuvolari&vasta15b,
  Title                    = {The Ghost in the Attic? The Italian National Innovation System in Historical Perspective, 1861-2011},
  Author                   = {Nuvolari, Alessandro and Vasta, Michelangelo},
  Journal                  = {Enterprise \& Society},
  Year                     = {2015},

  Month                    = {6},
  Number                   = {2},
  Pages                    = {270--290},
  Volume                   = {16},

  Doi                      = {10.1017/eso.2014.25},
  ISSN                     = {1467-2235},
  Issue                    = {02},
  Numpages                 = {21},
  Url                      = {http://journals.cambridge.org/article_S1467222714000251}
}

@book{cattaneo2019practical,
  title={A practical introduction to regression discontinuity designs: Foundations},
  author={Cattaneo, Matias D and Idrobo, Nicol{\'a}s and Titiunik, Roc{\'\i}o},
  year={2019},
  publisher={Cambridge University Press}
}

@article{aidt2015democratization,
  title={Democratization under the threat of revolution: Evidence from the Great Reform Act of 1832},
  author={Aidt, Toke S and Franck, Rapha{\"e}l},
  journal={Econometrica},
  volume={83},
  number={2},
  pages={505--547},
  year={2015},
  publisher={Wiley Online Library}
}

@article{aidt2013democratization,
  title={Democratization and the size of government: evidence from the long 19th century},
  author={Aidt, Toke S and Jensen, Peter S},
  journal={Public Choice},
  volume={157},
  pages={511--542},
  year={2013},
  publisher={Springer}
}

@article{jha2013trade,
  title={Trade, institutions, and ethnic tolerance: Evidence from South Asia},
  author={Jha, Saumitra},
  journal={American political Science review},
  volume={107},
  number={4},
  pages={806--832},
  year={2013},
  publisher={Cambridge University Press}
}

@article{jha2022civil,
  title={Civil and Ethnic Conflict in Historical Political Economy},
  author={Jha, Saumitra},
  year={2022},
  publisher={Stanford University Graduate School of Business Research Paper}
}

@article{arbatli2020diversity,
  title={Diversity and conflict},
  author={Arbatl{\i}, Cemal Eren and Ashraf, Quamrul H and Galor, Oded and Klemp, Marc},
  journal={Econometrica},
  volume={88},
  number={2},
  pages={727--797},
  year={2020},
  publisher={Wiley Online Library}
}

@article{desmet2017culture,
  title={Culture, ethnicity, and diversity},
  author={Desmet, Klaus and Ortu{\~n}o-Ort{\'\i}n, Ignacio and Wacziarg, Romain},
  journal={American Economic Review},
  volume={107},
  number={9},
  pages={2479--2513},
  year={2017},
  publisher={American Economic Association 2014 Broadway, Suite 305, Nashville, TN 37203}
}

@article{montalvo2021ethnic,
  title={Ethnic diversity and growth: Revisiting the evidence},
  author={Montalvo, Jose G and Reynal-Querol, Marta},
  journal={Review of Economics and Statistics},
  volume={103},
  number={3},
  pages={521--532},
  year={2021},
  publisher={MIT Press One Rogers Street, Cambridge, MA 02142-1209, USA journals-info~â€¦}
}
